@book{livro1,
    title = {Código Limpo},
    author = {Robert C. Martin},
    edition = {Primeira Edição},
    year = {2009}
}

@online{site,
    title = {Principais conceitos da Programação Orientada a Objetos},
    author = {Eduardo Felipe Zambom Santana},
    addendum = {accessed: 04.12.2021},
    url = {https://www.devmedia.com.br/principais-conceitos-da-programacao-orientada-a-objetos/32285},
}

@book{livro2,
    title = {O programador pragmático},
    author = {Andrew Hunt e David Thomas},
    edition = {Primeira edição},
    year = {1999}
}